@article{smith2020,
  title={An example article},
  author={Smith, John},
  journal={Journal of Examples},
  year={2020},
  volume={1},
  pages={1--10}
}

@book{jones2019,
  title={A Sample Book},
  author={Jones, Alice},
  year={2019},
  publisher={Example Press}
}

@inproceedings{brown2021,
  title={Conference proceeding example},
  author={Brown, Robert},
  booktitle={Proceedings of the Example Conference},
  year={2021},
  pages={100--110}
}

@article{wilson2018,
  title={Another example article},
  author={Wilson, Emma},
  journal={Research Examples},
  year={2018},
  volume={5},
  pages={50--60}
}